<?xml version="1.0" encoding="UTF-8"?><collection xmlns="http://www.loc.gov/MARC21/slim"><record><leader>00511nam--2200169-i-4500</leader><controlfield tag="001">000037825</controlfield><controlfield tag="002">20161230</controlfield><controlfield tag="005">20170111003239</controlfield><controlfield tag="008">060222s1000------------r-----000-0-eng-d</controlfield><datafield ind1=" " ind2=" " tag="100"><subfield code="a">Randerath, Kurt</subfield></datafield><datafield ind1=" " ind2=" " tag="245"><subfield code="a">Dunnschicht-chromatographie</subfield></datafield><datafield ind1=" " ind2=" " tag="250"><subfield code="a">2te neubearbeitete und erweiterte auflage</subfield></datafield><datafield ind1=" " ind2=" " tag="260"><subfield code="a">Weinheim/Bergstr</subfield><subfield code="b">Verlag Chemie</subfield><subfield code="c">1965</subfield></datafield><datafield ind1=" " ind2=" " tag="300"><subfield code="a">XV + 291 p.+ A16 p</subfield></datafield><datafield ind1=" " ind2=" " tag="490"><subfield code="a">Monographien Zu Angewandte Chemie Und Chemie-ingenieur-technik</subfield></datafield><datafield ind1=" " ind2=" " tag="852"><subfield code="a">22196</subfield></datafield><datafield ind1=" " ind2=" " tag="CAT"><subfield code="a">SYS</subfield><subfield code="c">20170111</subfield><subfield code="h">003239</subfield></datafield></record></collection>